@misc{polish,
    title           = {Notaci√≥n Polaca},
    howpublished    = {\url{https://es.wikipedia.org/wiki/Notaci%C3%B3n_polaca}},
}

@misc{cup_home,
    title           = {Construction of Useful Parsers. CUP v0.11b},
    howpublished    = {\url{http://www2.cs.tum.edu/projects/cup/}},
}

@misc{flex_home,
    title           = {JFlex v1.6.1},
    howpublished    = {\url{http://jflex.de/}},
}

@misc{python_grammar,
    title           = {Python v3 Grammar},
    howpublished    = {\url{https://docs.python.org/3/reference/grammar.html}},
}

@misc{asm_doc,
    title           = {ASM 5.1 Documentation},
    howpublished    = {\url{http://asm.ow2.org/asm50/javadoc/user/index.html}},
}

@misc{asm_gadoc,
    title           = {Class GeneratorAdapter},
    howpublished    = {\url{http://asm.ow2.org/asm50/javadoc/user/org/objectweb/asm/commons/GeneratorAdapter.html}},
}

@misc{asm_guide,
    title           = {A Java bytecode engineering library},
    howpublished    = {\url{http://download.forge.objectweb.org/asm/asm4-guide.pdf}},
}

@misc{antlr_home,
    title           = {ANother Tool for Language Recognition},
    howpublished    = {\url{http://www.antlr.org/}},
}

@misc{gkit_home,
    title           = {An IntelliJ IDEA plugin for language plugin developers},
    howpublished    = {\url{https://github.com/JetBrains/Grammar-Kit}},
}

@misc{c_strings,
    title           = {Strings in C lang},
    howpublished    = {\url{https://en.wikibooks.org/wiki/C_Programming/Strings}},
}

@misc{java_strings,
    title           = {Strings in Java},
    howpublished    = {\url{https://docs.oracle.com/javase/tutorial/java/data/strings.html}},
}

@misc{j8_func,
    title           = {Java 8 Lambda Expressions},
    howpublished    = {\url{https://docs.oracle.com/javase/tutorial/java/javaOO/lambdaexpressions.html}},
}
